<record><leader>00000cas a22000007a 4500</leader><controlfield tag="001">23658240</controlfield><controlfield tag="008">910429d18361840nyuwr ne      0    0eng d</controlfield><datafield ind1=" " ind2=" " tag="010"><subfield code="a">sn 91066233 </subfield></datafield><datafield ind1=" " ind2=" " tag="040"><subfield code="a">NYS</subfield><subfield code="b">eng</subfield><subfield code="c">NYS</subfield><subfield code="d">OCL</subfield><subfield code="d">OCLCQ</subfield><subfield code="d">OCLCO</subfield><subfield code="d">OCLCF</subfield></datafield><datafield ind1="1" ind2=" " tag="029"><subfield code="a">AU@</subfield><subfield code="b">000020124798</subfield></datafield><datafield ind1=" " ind2=" " tag="042"><subfield code="a">msc</subfield></datafield><datafield ind1=" " ind2=" " tag="043"><subfield code="a">n-us-ny</subfield></datafield><datafield ind1="0" ind2="0" tag="245"><subfield code="a">Republican and eagle.</subfield></datafield><datafield ind1=" " ind2=" " tag="260"><subfield code="a">Cortland and Homer Villages [N.Y.] :</subfield><subfield code="b">R.A. Reed</subfield></datafield><datafield ind1=" " ind2=" " tag="300"><subfield code="a">v.</subfield></datafield><datafield ind1=" " ind2=" " tag="310"><subfield code="a">Weekly</subfield></datafield><datafield ind1="0" ind2=" " tag="362"><subfield code="a">Vol. 5, no. 39 (May 17, 1836)-</subfield></datafield><datafield ind1=" " ind2=" " tag="500"><subfield code="a">Publishers: R.A. Reed, May 17-Dec. 20, 1836; Reed &amp; Bennett, Dec. 27, 1836-Dec. 19, 1837; Reed &amp; Blodget, Dec. 26, 1837-&lt;1838&gt;; Rufus A. Reed, &lt;1838&gt;.</subfield></datafield><datafield ind1=" " ind2=" " tag="515"><subfield code="a">Continues numbering of: Cortland Republican (Cortland, N.Y. : 1832).</subfield></datafield><datafield ind1=" " ind2="0" tag="651"><subfield code="a">Cortland (N.Y.)</subfield><subfield code="v">Newspapers.</subfield></datafield><datafield ind1=" " ind2="0" tag="651"><subfield code="a">Homer (N.Y.)</subfield><subfield code="v">Newspapers.</subfield></datafield><datafield ind1=" " ind2="7" tag="651"><subfield code="a">New York (State)</subfield><subfield code="z">Cortland.</subfield><subfield code="2">fast</subfield><subfield code="0">(OCoLC)fst01218243</subfield></datafield><datafield ind1=" " ind2="7" tag="651"><subfield code="a">New York (State)</subfield><subfield code="z">Homer (Town)</subfield><subfield code="2">fast</subfield><subfield code="0">(OCoLC)fst01336335</subfield></datafield><datafield ind1=" " ind2="7" tag="655"><subfield code="a">Newspapers.</subfield><subfield code="2">fast</subfield><subfield code="0">(OCoLC)fst01423814</subfield></datafield><datafield ind1=" " ind2=" " tag="752"><subfield code="a">United States</subfield><subfield code="b">New York</subfield><subfield code="c">Cortland</subfield><subfield code="d">Cortland.</subfield></datafield><datafield ind1=" " ind2=" " tag="752"><subfield code="a">United States</subfield><subfield code="b">New York</subfield><subfield code="c">Cortland</subfield><subfield code="d">Homer.</subfield></datafield><datafield ind1="0" ind2="4" tag="780"><subfield code="t">Cortland Republican (Cortland, N.Y. : 1832)</subfield><subfield code="w">(DLC)sn 85054105</subfield></datafield><datafield ind1="0" ind2="4" tag="780"><subfield code="t">Homer eagle</subfield><subfield code="w">(DLC)sn 91066111</subfield></datafield><datafield ind1="0" ind2="0" tag="785"><subfield code="t">Cortland County Whig</subfield><subfield code="w">(DLC)sn 85042167</subfield></datafield></record>